<?xml version="1.0" encoding="UTF-8"?><collection xmlns="http://www.loc.gov/MARC21/slim"><record><leader>00557nam--2200193-u-4500</leader><controlfield tag="001">000052992</controlfield><controlfield tag="002">20161230</controlfield><controlfield tag="005">20161230201050</controlfield><controlfield tag="008">101221s1000------------r-----000-0-rus-d</controlfield><datafield ind1=" " ind2=" " tag="040"><subfield code="a">IFIN-HH</subfield></datafield><datafield ind1=" " ind2=" " tag="041"><subfield code="a">rus</subfield></datafield><datafield ind1=" " ind2=" " tag="080"><subfield code="a">535.375.5</subfield></datafield><datafield ind1="1" ind2=" " tag="100"><subfield code="a">Weber, A</subfield></datafield><datafield ind1="1" ind2="0" tag="245"><subfield code="a">Spectroscopia kombinationnogo rasseiania sveta v gazah i jidkostiah</subfield><subfield code="c">A. WEBER (Ed.)</subfield></datafield><datafield ind1=" " ind2=" " tag="260"><subfield code="a">Moskva</subfield><subfield code="b">Mir</subfield><subfield code="c">1982</subfield></datafield><datafield ind1=" " ind2=" " tag="300"><subfield code="a">373P</subfield></datafield><datafield ind1=" " ind2=" " tag="500"><subfield code="a">Titlul original in limba engleza: RAMAN SPECTROSCOPY OF GASES AND LIQUIDS</subfield></datafield><datafield ind1=" " ind2=" " tag="852"><subfield code="a">75709</subfield><subfield code="c">535.33</subfield></datafield><datafield ind1=" " ind2=" " tag="CAT"><subfield code="a">Sys</subfield><subfield code="c">20101221</subfield><subfield code="h">085934</subfield></datafield></record></collection>